%% This BibTeX bibliography file was created using BibDesk.
%% http://bibdesk.sourceforge.net/


%% Created for Jos√© Javier Blecua de Pedro at 2013-03-29 22:16:19 +0100 


%% Saved with string encoding Unicode (UTF-8) 



@book{SCHTTP,
	Address = {http://en.wikipedia.org/wiki/List\_of\_HTTP\_status\_codes},
	Author = {Wikipedia},
	Date-Added = {2013-03-29 19:46:03 +0100},
	Date-Modified = {2013-03-29 22:16:19 +0100},
	Title = {Codigos de estado HTTP}}

@book{HTTPEWDAV,
	Address = {http://tools.ietf.org/html/rfc4918},
	Date-Added = {2013-03-29 19:24:16 +0100},
	Date-Modified = {2013-03-29 19:24:42 +0100},
	Title = {HTTP Extensions for Web Distributed Authoring and Versioning (WebDAV)}}

@book{HTTPEF,
	Address = {http://tools.ietf.org/html/rfc2774},
	Date-Added = {2013-03-29 19:23:07 +0100},
	Date-Modified = {2013-03-29 19:23:43 +0100},
	Title = {An HTTP Extension Framework}}

@book{TCNHTTP,
	Address = {http://tools.ietf.org/html/rfc2295},
	Date-Added = {2013-03-29 19:22:31 +0100},
	Date-Modified = {2013-03-29 19:22:51 +0100},
	Title = {Transparent Content Negotiation in HTTP}}

@book{TLSWITHINHTTP/1.1,
	Address = {http://tools.ietf.org/html/rfc2817},
	Date-Added = {2013-03-29 19:20:53 +0100},
	Date-Modified = {2013-03-29 19:21:48 +0100},
	Title = {Upgrading to TLS Within HTTP/1.1}}

@book{HTTPWEBDAV,
	Address = {http://tools.ietf.org/html/rfc2518},
	Date-Added = {2013-03-29 19:19:28 +0100},
	Date-Modified = {2013-03-29 19:19:50 +0100},
	Title = {HTTP Extensions for Distributed Authoring -- WEBDAV}}

@book{HTTP1.1,
	Address = {http://tools.ietf.org/html/rfc2616},
	Date-Added = {2013-03-29 19:16:57 +0100},
	Date-Modified = {2013-03-29 19:18:02 +0100},
	Title = {Hypertext Transfer Protocol -- HTTP/1.1}}

@book{OpenSocial,
	Address = {http://es.wikipedia.org/wiki/OpenSocial},
	Author = {Wikipedia},
	Date-Added = {2013-03-29 13:17:25 +0100},
	Date-Modified = {2013-03-29 13:19:55 +0100},
	Title = {OpenSocial}}

@book{OpenSocialApi,
	Address = {http://opensocial-resources.googlecode.com/},
	Date-Added = {2013-03-29 13:13:49 +0100},
	Date-Modified = {2013-03-29 13:14:12 +0100},
	Publisher = {GoogleCode},
	Title = {OpenSocial Resources API}}

@book{FacebookFQL,
	Address = {https://developers.facebook.com/docs/reference/fql},
	Author = {Facebook Developers},
	Date-Added = {2013-03-29 13:12:46 +0100},
	Date-Modified = {2013-03-29 13:13:19 +0100},
	Title = {Facebook FQL Api}}

@book{BibText,
	Address = {http://es.wikipedia.org/wiki/BibTeX},
	Author = {BibTex},
	Date-Added = {2013-03-29 13:11:05 +0100},
	Date-Modified = {2013-03-29 13:12:18 +0100},
	Editor = {Wikipedia},
	Title = {Organizaci{\'o}n de Librer{\'\i}as}}

@book{JPAulet,
	Author = {JP Aulet},
	Note = {http://www.sindikos.com/2011/05/breve-introduccion-a-rest-1/},
	Title = {Introduccion a REST-1}}

@book{RNM,
	Author = {Rafael Navarro Marset},
	Note = {users.dsic.upv.es/~rnavarro/NewWeb/docs/RestVsWebServices.pdf},
	Title = {REST vs Web Services}}

@misc{Facebook,
	Author = {Wikipedia},
	Date-Modified = {2013-03-29 12:48:47 +0100},
	Note = {http://es.wikipedia.org/wiki/Facebook},
	Title = {Facebook}}

@misc{HTML,
	Author = {Wikipedia},
	Date-Modified = {2013-03-29 12:48:56 +0100},
	Note = {http://es.wikipedia.org/wiki/HTML},
	Title = {HTML}}

@misc{JAVASCRIPT,
	Author = {Wikipedia},
	Date-Modified = {2013-03-29 12:49:06 +0100},
	Note = {http://es.wikipedia.org/wiki/JavaScript},
	Title = {JavaScript}}

@misc{JSON,
	Author = {Wikipedia},
	Date-Modified = {2013-03-29 12:49:38 +0100},
	Note = {http://es.wikipedia.org/wiki/JSON},
	Title = {JSON}}

@misc{AJAX,
	Author = {Wikipedia},
	Date-Modified = {2013-03-29 12:44:26 +0100},
	Note = {http://es.wikipedia.org/wiki/AJAX},
	Title = {AJAX}}

@misc{jQuery,
	Author = {Wikipedia},
	Date-Modified = {2013-03-29 12:49:26 +0100},
	Note = {http://es.wikipedia.org/wiki/Jquery},
	Title = {jQuery}}

@misc{JSP,
	Author = {Wikipedia},
	Date-Modified = {2013-03-29 12:49:44 +0100},
	Note = {http://es.wikipedia.org/wiki/JSP},
	Title = {JSP}}

@misc{RestFB,
	Author = {RestFB},
	Date-Modified = {2013-03-29 12:49:59 +0100},
	Note = {http://restfb.com/}}
